
@misc{gough_java_2014,
	title = {Java 8 {Date} and {Time} {API} with {Jim} {Gough}},
	url = {https://www.youtube.com/watch?v=OIg9lNpMJew},
	abstract = {Live Coding on the Java 8 Date and Time API with Jim Gough from the London Java Community (LJC).  http://nighthacking.com/

Here is the code: https://github.com/jpgough/JavaTimeLab},
	urldate = {2020-04-25},
	author = {Gough, Jim},
	year = {2014}
}

@misc{java8_localdate,
	type = {Documentation},
	title = {{LocalDate} ({Java} {Platform} {SE} 8 )},
	url = {https://docs.oracle.com/javase/8/docs/api/java/time/LocalDate.html},
	language = {English},
	urldate = {2020-04-25},
	journal = {LocalDate (Java Platform SE 8 )},
	author = {{Oracle}},
	file = {LocalDate (Java Platform SE 8 ):C\:\\Users\\Mike\\Zotero\\storage\\PNFVFDTK\\LocalDate.html:text/html}
}

@misc{java8_localtime,
	type = {Documentation},
	title = {{LocalTime} ({Java} {Platform} {SE} 8 )},
	url = {https://docs.oracle.com/javase/8/docs/api/java/time/LocalTime.html},
	language = {English},
	urldate = {2020-04-25},
	journal = {LocalTime (Java Platform SE 8 )},
	author = {{Oracle}},
	file = {LocalTime (Java Platform SE 8 ):C\:\\Users\\Mike\\Zotero\\storage\\8LZZBPZK\\LocalTime.html:text/html}
}

@misc{java8_localdatetime,
	type = {Documentation},
	title = {{LocalDateTime} ({Java} {Platform} {SE} 8 )},
	url = {https://docs.oracle.com/javase/8/docs/api/java/time/LocalDateTime.html},
	language = {English},
	urldate = {2020-04-26},
	journal = {LocalDateTime (Java Platform SE 8 )},
	author = {{Oracle}},
	file = {LocalDateTime (Java Platform SE 8 ):C\:\\Users\\Mike\\Zotero\\storage\\K2BM85US\\LocalDateTime.html:text/html}
}

@misc{java8_zoneddatetime,
	type = {Documentation},
	title = {{ZonedDateTime} ({Java} {Platform} {SE} 8 )},
	url = {https://docs.oracle.com/javase/8/docs/api/java/time/ZonedDateTime.html},
	language = {English},
	urldate = {2020-04-26},
	journal = {ZonedDateTime (Java Platform SE 8 )},
	author = {{Oracle}},
	file = {ZonedDateTime (Java Platform SE 8 ):C\:\\Users\\Mike\\Zotero\\storage\\VB29L2YR\\ZonedDateTime.html:text/html}
}

@misc{java8_zoneid,
	type = {Documentation},
	title = {{ZoneId} ({Java} {Platform} {SE} 8 )},
	url = {https://docs.oracle.com/javase/8/docs/api/java/time/ZoneId.html},
	language = {English},
	urldate = {2020-04-26},
	journal = {ZoneId (Java Platform SE 8 )},
	author = {{Oracle}},
	file = {ZoneId (Java Platform SE 8 ):C\:\\Users\\Mike\\Zotero\\storage\\4PMCHD7J\\ZoneId.html:text/html}
}

@misc{java8_duration,
	type = {Documentation},
	title = {Duration ({Java} {Platform} {SE} 8 )},
	url = {https://docs.oracle.com/javase/8/docs/api/java/time/Duration.html},
	language = {English},
	urldate = {2020-04-26},
	journal = {Duration (Java Platform SE 8 )},
	author = {{Oracle}},
	file = {Duration (Java Platform SE 8 ):C\:\\Users\\Mike\\Zotero\\storage\\FNXUWVL2\\Duration.html:text/html}
}

@misc{java8_period,
	type = {Documentation},
	title = {Period ({Java} {Platform} {SE} 8 )},
	url = {https://docs.oracle.com/javase/8/docs/api/java/time/Period.html},
	language = {English},
	urldate = {2020-04-26},
	journal = {Period (Java Platform SE 8 )},
	author = {{Oracle}},
	file = {Period (Java Platform SE 8 ):C\:\\Users\\Mike\\Zotero\\storage\\ZZKHXUWG\\Period.html:text/html}
}

@misc{java8_chronounit,
	type = {Documentation},
	title = {{ChronoUnit} ({Java} {Platform} {SE} 8 )},
	url = {https://docs.oracle.com/javase/8/docs/api/java/time/temporal/ChronoUnit.html},
	language = {English},
	urldate = {2020-04-26},
	journal = {ChronoUnit (Java Platform SE 8 )},
	author = {{Oracle}},
	file = {ChronoUnit (Java Platform SE 8 ):C\:\\Users\\Mike\\Zotero\\storage\\4SHKV7NK\\ChronoUnit.html:text/html}
}

@misc{java8_datetimeformatter,
	type = {Documentation},
	title = {{DateTimeFormatter} ({Java} {Platform} {SE} 8 )},
	url = {https://docs.oracle.com/javase/8/docs/api/java/time/format/DateTimeFormatter.html},
	language = {English},
	urldate = {2020-04-27},
	journal = {DateTimeFormatter (Java Platform SE 8 )},
	author = {{Oracle}},
	file = {DateTimeFormatter (Java Platform SE 8 ):C\:\\Users\\Mike\\Zotero\\storage\\Y4JHCCYN\\DateTimeFormatter.html:text/html}
}

@misc{java7_overflow,
	type = {Forum},
	title = {datetime - {What}'s wrong with {Java} {Date} \& {Time} {API}?},
	url = {https://stackoverflow.com/questions/1969442/whats-wrong-with-java-date-time-api},
	language = {English},
	urldate = {2020-04-27},
	journal = {Stack Overflow},
	author = {{AlBlue}},
	file = {Snapshot:C\:\\Users\\Mike\\Zotero\\storage\\XSK3F2TD\\whats-wrong-with-java-date-time-api.html:text/html}
}

@misc{java7_date,
	type = {Documentation},
	title = {Date ({Java} {Platform} {SE} 7 )},
	url = {https://docs.oracle.com/javase/7/docs/api/java/util/Date.html},
	language = {English},
	urldate = {2020-05-02},
	journal = {Date (Java Platform SE 7 )},
	author = {{Oracle}},
	file = {Date (Java Platform SE 7 ):C\:\\Users\\Mike\\Zotero\\storage\\QGQ8RAPQ\\Date.html:text/html}
}